@Article{Andersson2018,
  Author = {Joel A E Andersson and Joris Gillis and Greg Horn
            and James B Rawlings and Moritz Diehl},
  Title = {{CasADi} -- {A} software framework for nonlinear optimization
           and optimal control},
  Journal = {Mathematical Programming Computation},
  Year = {In Press, 2018},
}

@article{hindmarsh2005sundials,
  title={{SUNDIALS}: Suite of nonlinear and differential/algebraic equation solvers},
  author={Hindmarsh, Alan C and Brown, Peter N and Grant, Keith E and Lee, Steven L and Serban, Radu and Shumaker, Dan E and Woodward, Carol S},
  journal={ACM Transactions on Mathematical Software (TOMS)},
  volume={31},
  number={3},
  pages={363--396},
  year={2005},
  publisher={ACM},
  howpublished={ \url{https://computing.llnl.gov/projects/sundials} } 
}


@article{frohlich2020amici,
  title={AMICI: High-Performance Sensitivity Analysis for Large Ordinary Differential Equation Models},
  author={Fr{\"o}hlich, Fabian and Weindl, Daniel and Sch{\"a}lte, Yannik and Pathirana, Dilan and Paszkowski, {\L}ukasz and Lines, Glenn Terje and Stapor, Paul and Hasenauer, Jan},
  journal = {Bioinformatics},
  year = {2021},
  month = {04},
  issn = {1367-4803},
  doi = {10.1093/bioinformatics/btab227},
  note = {btab227},
  eprint = {https://academic.oup.com/bioinformatics/advance-article-pdf/doi/10.1093/bioinformatics/btab227/36866220/btab227.pdf},
}

@misc{CasADi1,
 author = {Joel A E Andersson and Joris Gillis and Greg Horn
            and James B Rawlings and Moritz Diehl},
 title = {CasADi framework download},
 url = {https://web.casadi.org/get/},
 lastchecked = {2021-07-17}
}


@Misc{CasADi,
  author =   {Joel A E Andersson and Joris Gillis and Greg Horn and James B Rawlings and Moritz Diehl},
  title =    {CasADi framework download {@ONLINE}},
  howpublished = {\url{https://web.casadi.org/get/}},
  year =     2021
}